<?xml version="1.0" encoding="UTF-8"?><record xmlns="http://www.loc.gov/MARC21/slim" xmlns:cinclude="http://apache.org/cocoon/include/1.0" xmlns:zs="http://www.loc.gov/zing/srw/">
  <leader>00426nz  a2200133n  4500</leader>
  <controlfield tag="001">n  96098931 </controlfield>
  <controlfield tag="003">DLC</controlfield>
  <controlfield tag="005">19961010120116.1</controlfield>
  <controlfield tag="008">961010n| acannaab|          |a aaa |||  </controlfield>
  <datafield tag="010" ind1=" " ind2=" ">
    <subfield code="a">n  96098931 </subfield>
  </datafield>
  <datafield tag="040" ind1=" " ind2=" ">
    <subfield code="a">DLC</subfield>
    <subfield code="c">DLC</subfield>
  </datafield>
  <datafield tag="100" ind1="1" ind2="0">
    <subfield code="a">Wright, H. Norman.</subfield>
    <subfield code="t">How to change your spouse (without ruining your marriage)</subfield>
  </datafield>
  <datafield tag="400" ind1="1" ind2="0">
    <subfield code="a">Wright, H. Norman.</subfield>
    <subfield code="t">How to bring out the best in your spouse</subfield>
  </datafield>
  <datafield tag="670" ind1=" " ind2=" ">
    <subfield code="a">How to bring out the best ... 1997.</subfield>
  </datafield>
</record>